@article{RadialVelocities,
    doi = {10.1086/301260},
    url = {https://dx.doi.org/10.1086/301260},
    year = {2000},
    month = {mar},
    publisher = {},
    volume = {119},
    number = {3},
    pages = {1375},
    author = {Francis C. Fekel and Richard R. Joyce and Kenneth H. Hinkle and Michael F. Skrutskie},
    title = {Infrared Spectroscopy of Symbiotic Stars. I. Orbits for Well-Known S-Type Systems},
    journal = {The Astronomical Journal},
}
